@article{Green:2021hjh,
    author = "Green, Daniel and \textbf{Guo, Yi} and Wallisch, Benjamin",
    title = "{Cosmological implications of axion-matter couplings}",
    eprint = "2109.12088",
    archivePrefix = "arXiv",
    primaryClass = "astro-ph.CO",
    doi = "10.1088/1475-7516/2022/02/019",
    journal = "JCAP",
    volume = "02",
    number = "02",
    pages = "019",
    year = "2022",
}